@book{Hemingway1940,
  author     = {Earnest Hemingway},
  title      = {For Whom the Bell Tolls},
  date       = {1940},
  date-added = {2021-06-17},
  publisher  = {Simon \& Schuster},
}

@book{JiM2020,
  author    = {{Justice in Mexico}},
  title     = {Organized Crime and Violence in Mexico: 2020 Special Report},
  date      = {2019-07},
  publisher = {Justice in Mexico},
}
